@Book{2015-02-GUSTAFSON,
  author = 	 {John L. Gustafson},
  title = 	 {{The End of Error: Unum Computing}},
  publisher = 	 {Chapman Hall},
  date = {2015-02-05},
  isbn = 	 {9781482239867},
  series = 	 {CRC Computational Science}
}



@article{2016-09-TICHY,
 author = {Tichy, Walter},
 title = {Unums 2.0: An Interview with John L. Gustafson},
 journal = {Ubiquity},
 issue_date = {September 2016},
 volume = {2016},
 number = {09},
 month = sep,
 year = {2016},
 issn = {1530-2180},
 pages = {1:1--1:16},
 noarticleno = {1},
 nonumpages = {16},
 nourl = {http://doi.acm.org/10.1145/3001758},
 nodoi = {10.1145/3001758},
 acmid = {3001758},
 publisher = {ACM},
 noaddress = {New York, NY, USA},
}




@INPROCEEDINGS{AlemdarEtAl2017:TernaryCNN,
author={H. Alemdar and V. Leroy and A. Prost-Boucle and F. Petrot},
booktitle={International Joint Conference on Neural Networks (IJCNN)},
title={Ternary neural networks for resource-efficient {AI} applications},
year={2017},
pages={2547-2554},
keywords={field programmable gate arrays;learning (artificial intelligence);neural nets;ASIC;DNN;FPGA;TNN;application specific integrated circuits;artificial intelligence;batch normalization method;deep neural networks;dropout method;field programmable gate array;layer-wise greedy methodology;resource-efficient AI applications;teacher-student approach;ternary neural networks;two-stage training procedure;ubiquitous computing devices;Artificial neural networks;Biological neural networks;Hardware;Neurons;Training;Transfer functions},
doi={10.1109/IJCNN.2017.7966166},
month={May}
}

@inproceedings{AmiriEtAl2018:mixedPrecCNN,
  TITLE = {Multi-Precision Convolutional Neural Networks on Heterogeneous Hardware},
  AUTHOR = {Moslem Amiri and Mohammad Hosseinabady and McIntosh-Smith, Simon and Nunez-Yanez, Jose},
  BOOKTITLE = {Proc. of Design Automation and Test in Europe (DATE 2018)},
  nodate =  {2018-03-20/2018-03-22},
  nolocation = {Dresden, Germany},
  ISBN ={978-3-9819263-1-6},
  noURL = {https://www.date-conference.com/proceedings-archive/2018},
}

@inproceedings{AndriCRB16,
  author    = {Renzo Andri and
               Lukas Cavigelli and
               Davide Rossi and
               Luca Benini},
  title     = {YodaNN: An Ultra-Low Power Convolutional Neural Network Accelerator
               Based on Binary Weights},
  booktitle = {{IEEE} Computer Society Annual Symposium on VLSI, {ISVLSI} 2016, Pittsburgh,
               PA, USA, July 11-13, 2016},
  pages     = {236--241},
  year      = {2016},
}


@inproceedings{Preusser:DATE2018:heteroCNN,
  TITLE = {Inference of Quantized Neural Networks on Heterogeneous All-Programmable Devices},
  AUTHOR = { B. Preu\ss{}er, Thomas and Giulio Gambardella and Nicholas Fraser and Michaela Blott},
  BOOKTITLE = {Design Automation and Test in Europe (DATE)},
  YEAR = {2018},
	pages={},
	nonotes={heterogeneous and static, layer-dependent variable precision, yolo},
  MONTH = Mar
	}

@misc{Dally:SC2010,
  TITLE = {{GPU} Computing: To ExaScale and Beyond},
  AUTHOR = {Bill Dally},
  BOOKTITLE = {SuperComputing, NVidia GPU Theater},
  YEAR = {2010},
	url={www.nvidia.com/content/PDF/sc_2010/theater/Dally_SC10.pdf},
	}


@article{Chip8:1978,
 author = {Joseph Weisbecker},
 title = {An Easy Programming System},
 journal = {BYTE magazine},
 month = dec,
 year = 1978,
 pages = {108--122},
 note = {Voir aussi \url{https://en.wikipedia.org/wiki/CHIP-8}.}
}
